@online
{
    code,
    title         = "{\url{https://github.com/Gunethra/AI1110_2023/tree/master/Assignment_1/code}}"
}
